<?xml version="1.0" encoding="UTF-8"?><collection xmlns="http://www.loc.gov/MARC21/slim"><record><leader>00503nam--2200193-i-4500</leader><controlfield tag="001">000048003</controlfield><controlfield tag="002">20161230</controlfield><controlfield tag="005">20170102180833</controlfield><controlfield tag="008">060222s1000------------r-----000-0-rus-d</controlfield><datafield ind1=" " ind2=" " tag="040"><subfield code="a">IFIN-HH</subfield></datafield><datafield ind1=" " ind2=" " tag="041"><subfield code="a">rus</subfield></datafield><datafield ind1=" " ind2=" " tag="080"><subfield code="a">539.1:539.126</subfield></datafield><datafield ind1="1" ind2=" " tag="100"><subfield code="a">Kirillov-Ugryumov, V. G</subfield></datafield><datafield ind1="1" ind2="0" tag="245"><subfield code="a">Atomi i mezoni</subfield><subfield code="c">V.G. Kirillov-Ugryumov, Yu.P. Nikitin, F.M. Sergeev</subfield></datafield><datafield ind1=" " ind2=" " tag="260"><subfield code="a">Moskva</subfield><subfield code="b">Atomizdat</subfield><subfield code="c">1980</subfield></datafield><datafield ind1=" " ind2=" " tag="300"><subfield code="a">216 p</subfield></datafield><datafield ind1="1" ind2=" " tag="700"><subfield code="a">Sergeev, F.M</subfield></datafield><datafield ind1=" " ind2=" " tag="852"><subfield code="a">48617</subfield><subfield code="c">539</subfield></datafield><datafield ind1=" " ind2=" " tag="CAT"><subfield code="a">SYS</subfield><subfield code="c">20170102</subfield><subfield code="h">180833</subfield></datafield></record></collection>